@BOOK{Bolthausen2007,
	    AUTHOR = "Erwin Bolthausen",
	    TITLE = "Spin Classes",
	    PUBLISHER = {Springer},
	    ADDRESS = {Berlin, germany},
	    YEAR = 2007
	    }
	
@article{Marks11,
    author = {Marks, Debora S. AND Colwell, Lucy J. AND Sheridan, Robert AND Hopf, Thomas A. AND Pagnani, Andrea AND Zecchina, Riccardo AND Sander, Chris},
    journal = {PLoS ONE},
    publisher = {Public Library of Science},
    title = {Protein 3D Structure Computed from Evolutionary Sequence Variation},
    year = {2011},
    month = {12},
    volume = {6},
    url = {http://dx.doi.org/10.1371%2Fjournal.pone.0028766},
    pages = {e28766},
    number = {12},
    doi = {10.1371/journal.pone.0028766}
    }
    
@article {Hopf14,
	author = {Hopf, Thomas A and Sch{\"a}rfe, Charlotta P I and Rodrigues, Jo{\~a}o P G L M and Green, Anna G and Kohlbacher, Oliver and Sander, Chris and Bonvin, Alexandre M J J and Marks, Debora S},
	editor = {Kuriyan, John},
	title = {Sequence co-evolution gives 3D contacts and structures of protein complexes},
	volume = {3},
	year = {2014},
	doi = {10.7554/eLife.03430},
	publisher = {eLife Sciences Publications Limited},
	isbn = {2050-084X},
	journal = {eLife}
}
@article{Ekeberg13,
  title = {Improved contact prediction in proteins: Using pseudolikelihoods to infer Potts models},
  author = {Ekeberg, Magnus and L\"ovkvist, Cecilia and Lan, Yueheng and Weigt, Martin and Aurell, Erik},
  journal = {Phys. Rev. E},
  volume = {87},
  issue = {1},
  pages = {012707},
  numpages = {16},
  year = {2013},
  month = {Jan},
  publisher = {American Physical Society},
  doi = {10.1103/PhysRevE.87.012707},
  url = {http://link.aps.org/doi/10.1103/PhysRevE.87.012707}
}
@article{Marks12,
  title = {Protein structure prediction from sequence variation},
  author = {Marks DS and Hopf TA and Sander C},
  journal = {Nat Biotech},
  volume = {30},
  issue = {11},
  year = {2012},
  month = {Nov},
  publisher = {Nature Publishing Group, a division of Macmillan Publishers Limited. All Rights Reserved},
  doi = {10.1038/nbt.2419},
  url = {http://dx.doi.org/10.1038/nbt.2419}
}
	  